@article{Biblio,
  title={Rectificador Monof{\'a}sico PWM: Dise{\~n}o e Implementaci{\'o}n.},
  author={Rico, Zaira Pineda and Delgado, Jaime O Mart{\'\i}nez and S{\'a}nchez, Ericka Reyes and Moctezuma, Emmanuel B and Campos-Delgado, Daniel U},
  journal={Zaira Pineda Rico. Art{\'\i}culo IEEE. Secci{\'o}n II (Generaci{\'o}n patr{\'o}n PWM)}
}