@article{amplificadores,
  title={Amplificadores de Potencia},
  author={Huircan, JI},
  journal={Universidad de la Frontera, Chile},
  year={2012}
}